@book{chatterjee2014practical,
  title={Practical Methods of Financial Engineering and Risk Management: Tools for Modern Financial Professionals},
  author={Chatterjee, Rupak},
  year={2014},
  publisher={Apress}
}